@misc{apdf_v1_2019,
  title = {Eurocontrol {{Specification}} for {{Operational ANS Performance Monitoring}} - {{Airport Operator Data Flow}}},
  author = {{EUROCONTROL}},
  year = {2019},
  url = {https://www.eurocontrol.int/publication/eurocontrol-specification-operational-ans-performance-monitoring}
}

@inproceedings{christien_spacing_2019,
  title = {Spacing and Pressure to Characterise Arrival Sequencing},
  booktitle = {Thirteenth {{USA}}/{{Europe}} Air Traffic Management Research and Development Seminar ({{ATM2019}}), Vienna, Austria},
  author = {Christien, Rapha{\"e}l and Hoffman, Eric and Zeghal, Karim},
  year = {2019}
}

@misc{Close2022-dt,
  title = {Technical Writing and Publishing {{Data-Rich}} Articles with Quarto},
  author = {Close, Gael},
  year = {2022},
  month = sep,
  url = {https://towardsdatascience.com/technical-writing-and-publishing-data-rich-articles-with-quarto-d61a56bcaa64},
  howpublished = {Towards Data Science},
  langid = {english}
}

@inproceedings{hardell_arrival_2020,
  title = {Fine-Grained Evaluation of Arrival Operations},
  booktitle = {{{SESAR}} Innovation Days 2020},
  author = {Hardell, Henrik and Polishchuk, Tatiana and Smetanov{\'a}, Lucie},
  year = {2020}
}

@book{icao_doc9750_2016,
  title = {Doc 9750,  {{Capacity}} \& {{Efficiency}}, {{Global Air Navigation Plan}} 2016-2030},
  author = {{ICAO}},
  year = {2016},
  edition = {Fifth Edition},
  publisher = {{International Civil Aviation Organization}},
  address = {{Montreal, Canada}},
  url = {https://www.icao.int/airnavigation/Documents/GANP-2016-interactive.pdf}
}

@book{icao_doc9854_2005,
  title = {Global {{Air Traffic Management Operational Concept}}},
  author = {{ICAO}},
  year = {2005},
  series = {Doc 9854, {{AN}}/458},
  edition = {First Edition},
  publisher = {{International Civil Aviation Organization}},
  address = {{Montreal, Canada}}
}

@article{icao2021TBOconcept,
  title = {Global {{TBO Concept}}},
  author = {{ICAO ATMRPP}},
  year = {2021}
}

@techreport{ICAO2022ResolutionA4121Consolidated,
  title = {Resolution {{A41-21}}: {{Consolidated}} Statement of Continuing {{ICAO}} Policies and Practices Related to Environmental Protection \textemdash{} {{Climate}} Change},
  author = {{ICAO}},
  year = {2022},
  institution = {{International Civil Aviation Organisation}},
  url = {https://www.icao.int/environmental-protection/Documents/Assembly/Resolution_A41-21_Climate_change.pdf}
}

@misc{Ieee2020-zv,
  title = {{{IEEE}} Editorial Style Manual for Authors},
  author = {{IEEE}},
  year = {2020},
  month = apr,
  url = {https://journals.ieeeauthorcenter.ieee.org/your-role-in-article-production/ieee-editorial-style-manual/}
}

@inproceedings{koelle_buildingback_2021,
  title = {Building Back {{Better}}\textendash{{Democratization}} of Performance Monitoring with Open Data},
  booktitle = {2021 {{IEEE}}/{{AIAA}} 40th Digital Avionics Systems Conference ({{DASC}})},
  author = {Koelle, Rainer and Peeters, Sam and Spinielli, Enrico},
  year = {2021},
  pages = {1--8},
  organization = {{IEEE}}
}

@article{Lasser2020-wo,
  title = {Creating an Executable Paper Is a Journey through {{Open Science}}},
  author = {Lasser, Jana},
  year = {2020},
  month = aug,
  journal = {Communications Physics},
  volume = {3},
  number = {1},
  pages = {1--5},
  publisher = {{Nature Publishing Group}},
  url = {https://www.nature.com/articles/s42005-020-00403-4},
  langid = {english}
}

@inproceedings{schafer_osn_2014,
  title = {Bringing {{Up OpenSky}}: {{A Large-Scale ADS-B Sensor Network}} for {{Research}}},
  booktitle = {13th {{IEEE}}/{{ACM International Symposium}} on {{Information Processing}} in {{Sensor Networks}} ({{IPSN}})},
  author = {Sch{\"a}fer, Matthias and Strohmeier, Martin and Linders, Vincent and Martinovic, Ivan and Wilhelm, Matthias},
  year = {2014},
  month = apr,
  pages = {83--94}
}

@phdthesis{smetanova2020evaluation,
  title = {Evaluation of Arrival Sequencing at Arlanda Airport},
  author = {Smetanov{\'a}, Lucie},
  year = {2020},
  url = {https://www.diva-portal.org/smash/get/diva2:1458291/FULLTEXT01.pdf},
  school = {Link\"opings Universitet}
}

@article{sun2017flightphase,
  title = {Flight Extraction and Phase Identification for Large Automatic Dependent Surveillance\textendash Broadcast Datasets},
  author = {Sun, Junzi and Ellerbroek, Joost and Hoekstra, Jacco},
  year = {2017},
  journal = {Journal of Aerospace Information Systems},
  volume = {14},
  number = {10},
  pages = {566--572},
  publisher = {{American Institute of Aeronautics and Astronautics}}
}

@article{toratani2022arrivalspacing,
  title = {Support Algorithm for Air Traffic Controllers' Arrival Spacing: {{Improvement}} of Trajectory Estimation Using {{Gaussian Process Regression}}},
  author = {Toratani, Daichi and Yoshihara, Takayuki and Senoguchi, Atsushi},
  year = {2022},
  journal = {Control Engineering Practice},
  volume = {128},
  pages = {105343},
  publisher = {{Elsevier}}
}

@misc{UberTechnologiesInc2018H3HexagonalHierarchical,
  title = {H3: {{Hexagonal}} Hierarchical Geospatial Indexing System},
  author = {{Uber Technologies Inc}},
  year = {2018},
  url = {https://h3geo.org/},
  urldate = {2022-02-18}
}
